<record><leader>00000cas a22000007a 4500</leader><controlfield tag="001">12729650</controlfield><controlfield tag="008">851028d19031980paudn ne      0    0eng d</controlfield><datafield ind1=" " ind2=" " tag="010"><subfield code="a">sn 85055093 </subfield></datafield><datafield ind1=" " ind2=" " tag="040"><subfield code="a">NPH</subfield><subfield code="b">eng</subfield><subfield code="c">NPH</subfield><subfield code="d">OCLCQ</subfield></datafield><datafield ind1=" " ind2=" " tag="042"><subfield code="a">msc</subfield></datafield><datafield ind1="0" ind2=" " tag="130"><subfield code="a">Daily notes (Canonsburg, Pa.)</subfield></datafield><datafield ind1="1" ind2="4" tag="245"><subfield code="a">The daily notes.</subfield></datafield><datafield ind1="1" ind2="7" tag="246"><subfield code="a">Canonsburg, Pa. daily notes</subfield></datafield><datafield ind1="1" ind2="7" tag="246"><subfield code="a">Canonsburg daily notes</subfield></datafield><datafield ind1=" " ind2=" " tag="260"><subfield code="a">Canonsburg, Pa. :</subfield><subfield code="b">D.H. &amp; Wm. H. Fee,</subfield><subfield code="c">1903-1980.</subfield></datafield><datafield ind1=" " ind2=" " tag="300"><subfield code="a">v. :</subfield><subfield code="b">ill. ;</subfield><subfield code="c">56 cm.</subfield></datafield><datafield ind1=" " ind2=" " tag="310"><subfield code="a">Daily (except Sat., Sun &amp; holidays),</subfield><subfield code="b">&lt;1949&gt;-1980</subfield></datafield><datafield ind1=" " ind2=" " tag="321"><subfield code="a">Daily (except Sunday),</subfield><subfield code="b">&lt;1903&gt;</subfield></datafield><datafield ind1="0" ind2=" " tag="362"><subfield code="a">9th yr., no. 2733 (Feb. 19, 1903)- ; -v. 105, no. 66 (Jan. 16, 1980).</subfield></datafield><datafield ind1=" " ind2=" " tag="500"><subfield code="a">"Serving Canonsburg, Houston, Chartiers, Cecil, North Strabane and Peters Township," &lt;Nov. 16, 1973&gt;.</subfield></datafield><datafield ind1=" " ind2=" " tag="752"><subfield code="a">United States</subfield><subfield code="b">Pennsylvania</subfield><subfield code="c">Washington</subfield><subfield code="d">Canonsburg.</subfield></datafield><datafield ind1="0" ind2=" " tag="775"><subfield code="t">Canonsburg notes (Canonsburg, Pa. : 1886 : Weekly)</subfield><subfield code="w">(DLC)sn 86083390</subfield></datafield><datafield ind1="0" ind2="0" tag="780"><subfield code="t">Canonsburg notes (Canonsburg, Pa. : 1900 : Daily)</subfield><subfield code="w">(DLC)sn 87078608</subfield></datafield><datafield ind1="0" ind2="0" tag="785"><subfield code="t">Chartiers Valley notes</subfield><subfield code="w">(DLC)sn 87078615</subfield></datafield><datafield ind1="1" ind2=" " tag="029"><subfield code="a">AU@</subfield><subfield code="b">000023745206</subfield></datafield></record>